%* Procure não digitar diretamente os acentos nesse arquivo.
%* Use \' para acento agudo. Exemplo: T\'itulo.
%* Use \^ para acento circunflexo. Exemplo: Voc\^e.
%* Use \~ para til. Exemplo: N\~ao.
%* Use \c para cê-cedilha. Exemplo: Avan\c car. (note que deve-se deixar um espaço entre \c e "car").

@article{gonccalves2005proposta,
  title={Uma proposta de processo de produ{\c{c}}{\~a}o de aplica{\c{c}}{\~o}es Web},
  author={Gon{\c{c}}alves, Rodrigo Franco and Gava, Vagner Luiz and PESS{\^O}A, MARCELO SCHNECK DE PAULA and SPINOLA, MAURO DE MESQUITA},
  journal={Production},
  volume={15},
  number={3},
  pages={376--389},
  year={2005},
  publisher={SciELO Brasil}
}

@article{de2003educaccao,
  title={Educa{\c{c}}{\~a}o a dist{\^a}ncia na internet: abordagens e contribui{\c{c}}{\~o}es dos ambientes digitais de aprendizagem},
  author={de Almeida, Maria Elizabeth Bianconcini},
  journal={Educa{\c{c}}{\~a}o e pesquisa},
  volume={29},
  number={2},
  pages={327--340},
  year={2003},
  publisher={SciELO Brasil}
}

@article{de2012rede,
  title={A rede Internet como canal de comunica{\c{c}}{\~a}o, na perspectiva da Ci{\^e}ncia da Informa{\c{c}}{\~a}o},
  author={de Ara{\'u}jo, V{\^a}nia MR Herrmes and Freire, Isa Maria},
  journal={Transinforma{\c{c}}{\~a}o},
  volume={8},
  number={2},
  year={2012}
}

@article{othman2009development,
  title={The development of the web-based Attendance Register System (ARS) for higher academic institution: From feasibility study to the design phase},
  author={Othman, Mahfudzah and Ismail, Siti Nurbaya and Raus, Mohd Ikhsan Md},
  journal={International Journal of Computer Science and Network Security},
  volume={9},
  number={10},
  pages={203--208},
  year={2009}
}

@article{garrett2005ajax,
  title={Ajax: A new approach to web applications},
  author={Garrett, Jesse James and others},
  year={2005}
}

@article{ginige2001web,
  title={Web engineering: An introduction},
  author={Ginige, Athula and Murugesan, San},
  journal={IEEE multimedia},
  volume={8},
  number={1},
  pages={14--18},
  year={2001},
  publisher={IEEE}
}

@monography{elias,
    title={RECONSTRU\c C\~AO DO PORTAL INSTITUCIONAL DA UFVJM: ado\c c\~ao da Identidade Digital do Governo Federal e implementa\c c\~ao do PloneGov-BR como novo Sistema de Gerenciamento de Conte\'udo},
    author={Alves, Elias da Cunha}, 
    school={Universidade dos Vales do Jequitinhonha e Mucuri}, 
    address={Diamantina, MG, Brasil},
    year={2017}
}

@misc{Kuruatuba2011,
author = {Kuruatuba},
title = {{Hist{\'{o}}rico da ONG KURUATUBA}},
url = {http://ongkuruatuba.blogspot.com/},
urlaccessdate = {03-10-2019},
year = {2011}
}

@article{meike2009security,
  title={Security in open source web content management systems},
  author={Meike, Michael and Sametinger, Johannes and Wiesauer, Andreas},
  journal={IEEE Security \& Privacy},
  volume={7},
  number={4},
  pages={44--51},
  year={2009},
  publisher={IEEE}
}

@article{chagas2018estudo,
  title={Um estudo sobre os sistemas de gerenciamento de conte{\'u}do de c{\'o}digo aberto},
  author={Chagas, Fernando and de Carvalho, Cedric Luiz and da Silva, Jo{\~a}o Carlos},
  journal={Revista Telfract},
  volume={1},
  number={1},
  year={2018}
}

@article{boiko,
author={BOIKO, B.},
title={Content Management Bible},
publisher={John Wiley \& Sons},
address={New York, NY, USA},
year={2001}
}

@article{ginige2001web,
  title={Web engineering: An introduction},
  author={Ginige, Athula and Murugesan, San},
  journal={IEEE multimedia},
  volume={8},
  number={1},
  pages={14--18},
  year={2001},
  publisher={IEEE}
}

@article{dos2004comparaccao,
  title={Compara{\c{c}}{\~a}o entre metodologias {\'A}geis e tradicionais para o desenvolvimento de software},
  author={dos Santos Soares, Michel},
  journal={INFOCOMP Journal of Computer Science},
  volume={3},
  number={2},
  pages={8--13},
  year={2004}
}

@Book{Sommerville,
title = "Engenharia de Software",
author = "Sommerville, I.",
publisher = "Addison-Wesley",
year = "2003"
}

@article{dasoluccao,
  title={UMA SOLU{\c{C}}{\~A}O PARA O AUX{\'I}LIO {\`A} GERA{\c{C}}{\~A}O DE P{\'A}GINAS WEB ACESS{\'I}VEIS COM USO DE GERENCIADORES DE CONTE{\'U}DO},
  author={DA SILVEIRA, CRISTIAN SOLDI},
  year={2010}
}

@article{paula2017construccao,
  title={Constru{\c{c}}{\~a}o de um blog utilizando um sistema gerenciador de conte{\'u}do para auxiliar o professor},
  author={Paula, Alexandre Abreu de},
  year={2017},
  publisher={Universidade Federal de Santa Maria}
}

@misc{relatoriocms,
  title={Open Source CMS Market Share},
  url={http://www.waterandstone.com/book/2011-open-source-cms-market-share-report},
  author={Water & Stone},
  year={2011},
  urlaccessdate={28-10-2019}
}

@inproceedings{mirdha2014comparative,
  title={Comparative analysis of open source content management systems},
  author={Mirdha, Aakanksha and Jain, Apurva and Shah, Kunal},
  booktitle={2014 IEEE International Conference on Computational Intelligence and Computing Research},
  pages={1--4},
  year={2014},
  organization={IEEE}
}

@article{menezes2016processo,
  title={Processo de avalia{\c{c}}{\~a}o de software aplicado {\`a} sele{\c{c}}{\~a}o de sistemas gerenciadores de conte{\'u}do},
  author={Menezes, Jislane Silva Santos de and others},
  year={2016},
  publisher={Universidade Federal de Sergipe}
}

@book{tomlinson2010beginning,
  title={Beginning Drupal 7},
  author={Tomlinson, Todd},
  year={2010},
  publisher={Apress}
}

@article{patel2011performance,
  title={Performance analysis of content management systems-joomla, drupal and wordpress},
  author={Patel, Savan K and Rathod, VR and Prajapati, Jigna B},
  journal={International Journal of Computer Applications},
  volume={21},
  number={4},
  pages={39--43},
  year={2011},
  publisher={Citeseer}
}

@article{de2017repositorios,
  title={Reposit{\'o}rios digitais utilizando Wordpress e MySQL},
  author={de Oliveira, Henry Poncio Cruz and C{\'o}rdula, Ana Cl{\'a}udia Cruz and Fiuza, Nataniel Jos{\'e} Amorin and de Brito, Mayane Paulino and others},
  journal={BiblioCanto},
  volume={3},
  number={1},
  pages={144--157},
  year={2017}
}

@misc{plonemercado,
title = {Usage Statistics and Market Share of Plone},
year = {2019},
author={w3techs},
url = {https://w3techs.com/technologies/details/cm-plone},
urlaccessdate = {02-12-2019}
}

@article{idealware-cms,
title={Consumers Guide to Open Source Content Management Systems for Nonprofits: Comparing WordPress, Drupal, and Plone },
year={2017},
author={Idealware}
}

@phdthesis{chuchuca2016implementacion,
  title={Implementaci{\'o}n de una central telef{\'o}nica opensource en la nube, a trav{\'e}s de un servidor virtual privado (VPS), para servicio de hosting compartido para Empresas PYME.},
  author={Chuchuca, Freire and Jos{\'e}, Carlos},
  year={2016},
  school={Universidad de Guayaquil Facultad de Ciencias Matem{\'a}ticas y F{\'i}sicas Carrera~…}
}

@article{elizabeth2017diseno,
  title={Dise{\~n}o de un servicio PBX hospedado en un servidor virtual privado VPS en la nube para uso de empresas pymes que no cuentan con servicios de telefon{\'\i}as de VoIP},
  author={Elizabeth, Molina I Rosa and Duque, Luis A Arias and Ram{\'\i}rez, Janet E Pazmi{\~n}o},
  journal={Dominio de las Ciencias},
  volume={3},
  number={2},
  pages={866--889},
  year={2017},
  publisher={Polo de Capacitaci{\'o}n, Investigaci{\'o}n y Publicaci{\'o}n (POCAIP)}
}

@book{vitalino2016descomplicando,
  booktitle={Descomplicando o Docker},
  author={Vitalino, Jeferson Fernando Noronha and Castro, Marcus Andr{\'e} Nunes},
  year={2016},
  publisher={Brasport}
}

@inproceedings{prada4docker,
  title={DOCKER--APRESENTA{\c{C}}{\~A}O DA FERRAMENTA},
  author={Prada, Dan Lucio and Thiel, Natalia Kelim and Cachoeira, Rodrigo and dos Reis, Wesley},
  booktitle={C749 Congresso Catarinense de Ci{\^e}ncia da Computa{\c{c}}{\~a}o (4.: 2017: Rio do Sul, SC). Anais do IV Congresso Catarinense de Ci{\^e}ncia da Computa{\c{c}}{\~a}o. Rio do Sul, Santa Catarina, Junho 12-14; 20-21, 2017./Organizador: Wesley dos Reis Bezerra.-Rio do Sul, SC, 2017.},
  pages={46},
  year={2017}
}

@article{nevedrov2006using,
  title={Using JMeter to Performance Test Web Services},
  author={Nevedrov, Dmitri},
  journal={Published on dev2dev},
  year={2006}
}

@article{palestinoestudo,
  title={Estudo de tecnologias de controle de vers{\~o}es de software},
  author={Palestino, Caroline Munhoz Corr{\^e}a},
  year={2015}
}

@article{ghezzi2015api,
  title={API para aux{\'\i}lio de minera{\c{c}}{\~a}o de reposit{\'o}rios Git e SVN},
  author={Ghezzi, Angelo Pereira},
  year={2015}
}

@article{chacon2010pro,
  title={Pro Git},
  author={Chacon, Scott and Straub, Ben},
  journal={Recuperado de: http://labs. kernelconcepts. de/downloads/books/Pro\% 20Git},
  year={2010}
}

@article{perez2018desarrollo,
  title={Desarrollo de una aplicaci{\'o}n de mensajer{\'\i}a en android},
  author={P{\'e}rez P{\'e}rez, Rafael},
  year={2018},
  publisher={ETSI\_Sistemas\_Infor}
}

@article{sato2007uso,
  title={Uso eficaz de m{\'e}tricas em m{\'e}todos {\'a}geis de desenvolvimento de software},
  author={Sato, Danilo Toshiaki},
  journal={Instituto de Matem{\'a}tica e Estat{\'\i}stica, Universidade de S{\~a}o Paulo, S{\~a}o Paulo},
  volume={139},
  year={2007}
}

@phdthesis{conforto2009gerenciamento,
  title={Gerenciamento {\'a}gil de projetos: proposta e avalia{\c{c}}{\~a}o de m{\'e}todo para gest{\~a}o de escopo e tempo},
  author={Conforto, Edivandro Carlos},
  year={2009},
  school={Universidade de S{\~a}o Paulo}
}

@article{dos2013metodologias,
  title={Metodologias {\'A}geis Para O Desenvolvimento De Software: Aplica{\c{c}}{\~a}o E O Uso Da Metodologia Scrum Em Contraste Ao Modelo Tradicional De Gerenciamento De Projetos},
  author={dos Santos Silva, Daisy Eliana and de Souza, Ingredy Tha{\'\i}s and Camargo, Talita},
  journal={Revista Computa{\c{c}}{\~a}o Aplicada-UNG-Ser},
  volume={2},
  number={1},
  pages={39--46},
  year={2013}
}

@misc{UFRGS2012,
author = {UFRGS},
title = {{Portlets — Tutorial Plone 4}},
url = {http://www.ufrgs.br/tutorial-plone4/posicionamento-e-estrutura/portlets},
urldate = {2020-03-08},
year = {2012}
}

@inproceedings{suzumura2008performance,
  title={Performance comparison of web service engines in php, java and c},
  author={Suzumura, Toyotaro and Trent, Scott and Tatsubori, Michiaki and Tozawa, Akihiko and Onodera, Tamiya},
  booktitle={2008 IEEE International Conference on Web Services},
  pages={385--392},
  year={2008},
  organization={IEEE}
}

