%* Procure não digitar diretamente os acentos nesse arquivo.
%* Use \' para acento agudo. Exemplo: T\'itulo.
%* Use \^ para acento circunflexo. Exemplo: Voc\^e.
%* Use \~ para til. Exemplo: N\~ao.
%* Use \c para cê-cedilha. Exemplo: Avan\c car. (note que deve-se deixar um espaço entre \c e "car").

@article{gonccalves2005proposta,
  title={Uma proposta de processo de produ{\c{c}}{\~a}o de aplica{\c{c}}{\~o}es Web},
  author={Gon{\c{c}}alves, Rodrigo Franco and Gava, Vagner Luiz and PESS{\^O}A, MARCELO SCHNECK DE PAULA and SPINOLA, MAURO DE MESQUITA},
  journal={Production},
  volume={15},
  number={3},
  pages={376--389},
  year={2005},
  publisher={SciELO Brasil}
}

@article{de2003educaccao,
  title={Educa{\c{c}}{\~a}o a dist{\^a}ncia na internet: abordagens e contribui{\c{c}}{\~o}es dos ambientes digitais de aprendizagem},
  author={de Almeida, Maria Elizabeth Bianconcini},
  journal={Educa{\c{c}}{\~a}o e pesquisa},
  volume={29},
  number={2},
  pages={327--340},
  year={2003},
  publisher={SciELO Brasil}
}

@article{de2012rede,
  title={A rede Internet como canal de comunica{\c{c}}{\~a}o, na perspectiva da Ci{\^e}ncia da Informa{\c{c}}{\~a}o},
  author={de Ara{\'u}jo, V{\^a}nia MR Herrmes and Freire, Isa Maria},
  journal={Transinforma{\c{c}}{\~a}o},
  volume={8},
  number={2},
  year={2012}
}

@article{othman2009development,
  title={The development of the web-based Attendance Register System (ARS) for higher academic institution: From feasibility study to the design phase},
  author={Othman, Mahfudzah and Ismail, Siti Nurbaya and Raus, Mohd Ikhsan Md},
  journal={International Journal of Computer Science and Network Security},
  volume={9},
  number={10},
  pages={203--208},
  year={2009}
}

@article{garrett2005ajax,
  title={Ajax: A new approach to web applications},
  author={Garrett, Jesse James and others},
  year={2005}
}

@article{ginige2001web,
  title={Web engineering: An introduction},
  author={Ginige, Athula and Murugesan, San},
  journal={IEEE multimedia},
  volume={8},
  number={1},
  pages={14--18},
  year={2001},
  publisher={IEEE}
}

/*Modelos*/
@Book{ Autor1,
title = "T\'itulo da Obra",
author = "Nome do Autor1",
publisher = "Editor",
year = "2014",
address = "Cidade"
}

%Obs.: Para mais de um autor, coloque "and" entre os nomes.
@Book{ Autor2,
title = "T\'itulo da Obra",
author = "Nome do Autor2 and Nome do Autor3",
publisher = "Editor",
year = "2014",
address = "Cidade"
}

@Article{ Autor3,
title = "T\'itulo da Obra",
journal = "T\'ituto da Revista",
volume = "1",
number = "1",
pages = "10--27",
year = "2014",
issn = "1234-5678",
author = "Nome do Autor3 and Nome do Autor4 and Nome do Autor5 and Nome do Autor6"
}

@Article{ Autor4,
title = "T\'itulo da Obra",
journal = "T\'ituto da Revista",
volume = "1",
number = "1",
pages = "10--27",
year = "2014",
issn = "91011-121314",
author = "Nome do Autor4"
}
