%* Procure não digitar diretamente os acentos nesse arquivo.
%* Use \' para acento agudo. Exemplo: T\'itulo.
%* Use \^ para acento circunflexo. Exemplo: Voc\^e.
%* Use \~ para til. Exemplo: N\~ao.
%* Use \c para cê-cedilha. Exemplo: Avan\c car. (note que deve-se deixar um espaço entre \c e "car").

@article{gonccalves2005proposta,
  title={Uma proposta de processo de produ{\c{c}}{\~a}o de aplica{\c{c}}{\~o}es Web},
  author={Gon{\c{c}}alves, Rodrigo Franco and Gava, Vagner Luiz and PESS{\^O}A, MARCELO SCHNECK DE PAULA and SPINOLA, MAURO DE MESQUITA},
  journal={Production},
  volume={15},
  number={3},
  pages={376--389},
  year={2005},
  publisher={SciELO Brasil}
}

@article{de2003educaccao,
  title={Educa{\c{c}}{\~a}o a dist{\^a}ncia na internet: abordagens e contribui{\c{c}}{\~o}es dos ambientes digitais de aprendizagem},
  author={de Almeida, Maria Elizabeth Bianconcini},
  journal={Educa{\c{c}}{\~a}o e pesquisa},
  volume={29},
  number={2},
  pages={327--340},
  year={2003},
  publisher={SciELO Brasil}
}

@article{de2012rede,
  title={A rede Internet como canal de comunica{\c{c}}{\~a}o, na perspectiva da Ci{\^e}ncia da Informa{\c{c}}{\~a}o},
  author={de Ara{\'u}jo, V{\^a}nia MR Herrmes and Freire, Isa Maria},
  journal={Transinforma{\c{c}}{\~a}o},
  volume={8},
  number={2},
  year={2012}
}

@article{othman2009development,
  title={The development of the web-based Attendance Register System (ARS) for higher academic institution: From feasibility study to the design phase},
  author={Othman, Mahfudzah and Ismail, Siti Nurbaya and Raus, Mohd Ikhsan Md},
  journal={International Journal of Computer Science and Network Security},
  volume={9},
  number={10},
  pages={203--208},
  year={2009}
}

@article{garrett2005ajax,
  title={Ajax: A new approach to web applications},
  author={Garrett, Jesse James and others},
  year={2005}
}

@article{ginige2001web,
  title={Web engineering: An introduction},
  author={Ginige, Athula and Murugesan, San},
  journal={IEEE multimedia},
  volume={8},
  number={1},
  pages={14--18},
  year={2001},
  publisher={IEEE}
}

@monography{elias,
    title={Reconstru\c c\~ao do portal institucional da UFVJM: ado\c c\~ao da Identidade Digital do Governo Federal e implementa\c c\~ao do PloneGov-BR como novo Sistema de Gerenciamento de Conte\'udo},
    author={Alves, Elias da Cunha}, 
    school={Universidade dos Vales do Jequitinhonha e Mucuri}, 
    address={Diamantina, MG, Brasil},
    year={2017}
}

@misc{Kuruatuba2011,
author = {Kuruatuba},
title = {{Hist{\'{o}}rico da ONG KURUATUBA}},
url = {http://ongkuruatuba.blogspot.com/},
urlaccessdate = {3-10-2019},
year = {2011}
}

@article{meike2009security,
  title={Security in open source web content management systems},
  author={Meike, Michael and Sametinger, Johannes and Wiesauer, Andreas},
  journal={IEEE Security \& Privacy},
  volume={7},
  number={4},
  pages={44--51},
  year={2009},
  publisher={IEEE}
}

@article{chagas2018estudo,
  title={Um estudo sobre os sistemas de gerenciamento de conte{\'u}do de c{\'o}digo aberto},
  author={Chagas, Fernando and de Carvalho, Cedric Luiz and da Silva, Jo{\~a}o Carlos},
  journal={Revista Telfract},
  volume={1},
  number={1},
  year={2018}
}

@article{boiko,
author={BOIKO, B.},
title={Content Management Bible},
publisher={John Wiley \& Sons},
address={New York, NY, USA},
year={2001}
}

@article{ginige2001web,
  title={Web engineering: An introduction},
  author={Ginige, Athula and Murugesan, San},
  journal={IEEE multimedia},
  volume={8},
  number={1},
  pages={14--18},
  year={2001},
  publisher={IEEE}
}

@article{dos2004comparaccao,
  title={Compara{\c{c}}{\~a}o entre metodologias {\'A}geis e tradicionais para o desenvolvimento de software},
  author={dos Santos Soares, Michel},
  journal={INFOCOMP Journal of Computer Science},
  volume={3},
  number={2},
  pages={8--13},
  year={2004}
}

@Book{Sommerville,
title = "Engenharia de Software",
author = "Sommerville, I.",
publisher = "Addison-Wesley",
year = "2003"
}

@article{dasoluccao,
  title={UMA SOLU{\c{C}}{\~A}O PARA O AUX{\'I}LIO {\`A} GERA{\c{C}}{\~A}O DE P{\'A}GINAS WEB ACESS{\'I}VEIS COM USO DE GERENCIADORES DE CONTE{\'U}DO},
  author={DA SILVEIRA, CRISTIAN SOLDI},
  year={2010}
}

@article{paula2017construccao,
  title={Constru{\c{c}}{\~a}o de um blog utilizando um sistema gerenciador de conte{\'u}do para auxiliar o professor},
  author={Paula, Alexandre Abreu de},
  year={2017},
  publisher={Universidade Federal de Santa Maria}
}

@misc{relatoriocms,
  title={Open Source CMS Market Share},
  url={http://www.waterandstone.com/book/2011-open-source-cms-market-share-report},
  author={Water & Stone},
  year={2011},
  urlaccessdate={28-10-2019}
}

@inproceedings{mirdha2014comparative,
  title={Comparative analysis of open source content management systems},
  author={Mirdha, Aakanksha and Jain, Apurva and Shah, Kunal},
  booktitle={2014 IEEE International Conference on Computational Intelligence and Computing Research},
  pages={1--4},
  year={2014},
  organization={IEEE}
}

@article{menezes2016processo,
  title={Processo de avalia{\c{c}}{\~a}o de software aplicado {\`a} sele{\c{c}}{\~a}o de sistemas gerenciadores de conte{\'u}do},
  author={Menezes, Jislane Silva Santos de and others},
  year={2016},
  publisher={Universidade Federal de Sergipe}
}

@book{tomlinson2010beginning,
  title={Beginning Drupal 7},
  author={Tomlinson, Todd},
  year={2010},
  publisher={Apress}
}

@article{patel2011performance,
  title={Performance analysis of content management systems-joomla, drupal and wordpress},
  author={Patel, Savan K and Rathod, VR and Prajapati, Jigna B},
  journal={International Journal of Computer Applications},
  volume={21},
  number={4},
  pages={39--43},
  year={2011},
  publisher={Citeseer}
}

@article{de2017repositorios,
  title={Reposit{\'o}rios digitais utilizando Wordpress e MySQL},
  author={de Oliveira, Henry Poncio Cruz and C{\'o}rdula, Ana Cl{\'a}udia Cruz and Fiuza, Nataniel Jos{\'e} Amorin and de Brito, Mayane Paulino and others},
  journal={BiblioCanto},
  volume={3},
  number={1},
  pages={144--157},
  year={2017}
}

@misc{plonemercado,
title = {Usage Statistics and Market Share of Plone},
year = {2019},
author={w3techs},
url = {https://w3techs.com/technologies/details/cm-plone},
urlaccessdate = {2-12-2019}
}

@article{idealware-cms,
title={Consumers Guide to Open Source Content Management Systems for Nonprofits: Comparing WordPress, Drupal, and Plone },
year={2017},
author={Idealware}
}

@phdthesis{chuchuca2016implementacion,
  title={Implementaci{\'o}n de una central telef{\'o}nica opensource en la nube, a trav{\'e}s de un servidor virtual privado (VPS), para servicio de hosting compartido para Empresas PYME.},
  author={Chuchuca, Freire and Jos{\'e}, Carlos},
  year={2016},
  school={Universidad de Guayaquil Facultad de Ciencias Matem{\'a}ticas y F{\'i}sicas Carrera~…}
}

@article{elizabeth2017diseno,
  title={Dise{\~n}o de un servicio PBX hospedado en un servidor virtual privado VPS en la nube para uso de empresas pymes que no cuentan con servicios de telefon{\'\i}as de VoIP},
  author={Elizabeth, Molina I Rosa and Duque, Luis A Arias and Ram{\'\i}rez, Janet E Pazmi{\~n}o},
  journal={Dominio de las Ciencias},
  volume={3},
  number={2},
  pages={866--889},
  year={2017},
  publisher={Polo de Capacitaci{\'o}n, Investigaci{\'o}n y Publicaci{\'o}n (POCAIP)}
}

@book{vitalino2016descomplicando,
  booktitle={Descomplicando o Docker},
  author={Vitalino, Jeferson Fernando Noronha and Castro, Marcus Andr{\'e} Nunes},
  year={2016},
  publisher={Brasport}
}

@inproceedings{prada4docker,
  title={DOCKER--APRESENTA{\c{C}}{\~A}O DA FERRAMENTA},
  author={Prada, Dan Lucio and Thiel, Natalia Kelim and Cachoeira, Rodrigo and dos Reis, Wesley},
  booktitle={C749 Congresso Catarinense de Ci{\^e}ncia da Computa{\c{c}}{\~a}o (4.: 2017: Rio do Sul, SC). Anais do IV Congresso Catarinense de Ci{\^e}ncia da Computa{\c{c}}{\~a}o. Rio do Sul, Santa Catarina, Junho 12-14; 20-21, 2017./Organizador: Wesley dos Reis Bezerra.-Rio do Sul, SC, 2017.},
  pages={46},
  year={2017}
}

@article{nevedrov2006using,
  title={Using JMeter to Performance Test Web Services},
  author={Nevedrov, Dmitri},
  journal={Published on dev2dev},
  year={2006}
}

@article{palestinoestudo,
  title={Estudo de tecnologias de controle de vers{\~o}es de software},
  author={Palestino, Caroline Munhoz Corr{\^e}a},
  year={2015}
}

@article{ghezzi2015api,
  title={API para aux{\'\i}lio de minera{\c{c}}{\~a}o de reposit{\'o}rios Git e SVN},
  author={Ghezzi, Angelo Pereira},
  year={2015}
}

@article{chacon2010pro,
  title={Pro Git},
  author={Chacon, Scott and Straub, Ben},
  journal={Recuperado de: http://labs. kernelconcepts. de/downloads/books/Pro\% 20Git},
  year={2010}
}

@article{perez2018desarrollo,
  title={Desarrollo de una aplicaci{\'o}n de mensajer{\'\i}a en android},
  author={P{\'e}rez P{\'e}rez, Rafael},
  year={2018},
  publisher={ETSI\_Sistemas\_Infor}
}

@article{sato2007uso,
  title={Uso eficaz de m{\'e}tricas em m{\'e}todos {\'a}geis de desenvolvimento de software},
  author={Sato, Danilo Toshiaki},
  journal={Instituto de Matem{\'a}tica e Estat{\'\i}stica, Universidade de S{\~a}o Paulo, S{\~a}o Paulo},
  volume={139},
  year={2007}
}

@phdthesis{conforto2009gerenciamento,
  title={Gerenciamento {\'a}gil de projetos: proposta e avalia{\c{c}}{\~a}o de m{\'e}todo para gest{\~a}o de escopo e tempo},
  author={Conforto, Edivandro Carlos},
  year={2009},
  school={Universidade de S{\~a}o Paulo}
}

@article{dos2013metodologias,
  title={Metodologias {\'A}geis Para O Desenvolvimento De Software: Aplica{\c{c}}{\~a}o E O Uso Da Metodologia Scrum Em Contraste Ao Modelo Tradicional De Gerenciamento De Projetos},
  author={dos Santos Silva, Daisy Eliana and de Souza, Ingredy Tha{\'\i}s and Camargo, Talita},
  journal={Revista Computa{\c{c}}{\~a}o Aplicada-UNG-Ser},
  volume={2},
  number={1},
  pages={39--46},
  year={2013}
}

@misc{UFRGS2012,
author = {UFRGS},
title = {{Portlets — Tutorial Plone 4}},
url = {http://www.ufrgs.br/tutorial-plone4/posicionamento-e-estrutura/portlets},
urldate = {2020-03-08},
year = {2012},
urlaccessdate={8-3-2020}
}

@inproceedings{suzumura2008performance,
  title={Performance comparison of web service engines in php, java and c},
  author={Suzumura, Toyotaro and Trent, Scott and Tatsubori, Michiaki and Tozawa, Akihiko and Onodera, Tamiya},
  booktitle={2008 IEEE International Conference on Web Services},
  pages={385--392},
  year={2008},
  organization={IEEE}
}

@article{Vasconcelos2015,
abstract = {The user has requested enhancement of the downloaded file.},
author = {Vasconcelos, Bernardo and Carvalho, De and Henrique, Carlos and Mello, Pereira},
doi = {10.1590/S0104-530X2012000300009},
title = {{Implementation of scrum agile methodology in software product project in a small technology-based company M{\'{e}}tricas e indicadores de inova{\c{c}}{\~{a}}o: proposta de desenvolvimento de sistema de medi{\c{c}}{\~{a}}o de desempenho da inova{\c{c}}{\~{a}}o aberta em centros de tecnologia View project Product development View project}},
url = {https://www.researchgate.net/publication/262656547},
urlaccessdate = {9-3-2020},
year = {2015}
}

@inproceedings{mann2005case,
  title={A case study on the impact of scrum on overtime and customer satisfaction},
  author={Mann, Chris and Maurer, Frank},
  booktitle={Agile Development Conference (ADC'05)},
  pages={70--79},
  year={2005},
  organization={IEEE}
}

@inproceedings{sulaiman2006agileevm,
  title={AgileEVM-earned value management in Scrum Projects},
  author={Sulaiman, Tamara and Barton, Brent and Blackburn, Thomas},
  booktitle={AGILE 2006 (AGILE'06)},
  pages={10--pp},
  year={2006},
  organization={IEEE}
}

@inproceedings{sutherland2008fully,
  title={Fully distributed scrum: The secret sauce for hyperproductive offshored development teams},
  author={Sutherland, Jeff and Schoonheim, Guido and Rustenburg, Eelco and Rijk, Maurits},
  booktitle={Agile 2008 Conference},
  pages={339--344},
  year={2008},
  organization={IEEE}
}

@article{sanders2007using,
  title={Using Scrum to manage student projects},
  author={Sanders, Dean},
  journal={Journal of Computing Sciences in Colleges},
  volume={23},
  number={1},
  pages={79--79},
  year={2007},
  publisher={Consortium for Computing Sciences in Colleges}
}

@article{matharu2015empirical,
  title={Empirical study of agile software development methodologies: A comparative analysis},
  author={Matharu, Gurpreet Singh and Mishra, Anju and Singh, Harmeet and Upadhyay, Priyanka},
  journal={ACM SIGSOFT Software Engineering Notes},
  volume={40},
  number={1},
  pages={1--6},
  year={2015},
  publisher={ACM New York, NY, USA}
}

@article{awad2005comparison,
  title={A comparison between agile and traditional software development methodologies},
  author={Awad, MA},
  journal={University of Western Australia},
  volume={30},
  year={2005}
}

@misc{dingsoyr2012decade,
  title={A decade of agile methodologies: Towards explaining agile software development},
  author={Dings{\o}yr, Torgeir and Nerur, Sridhar and Balijepally, VenuGopal and Moe, Nils Brede},
  year={2012},
  publisher={Elsevier}
}

@article{sutherland2007scrum,
  title={The scrum papers},
  author={Sutherland, Jeff and Schwaber, Ken},
  journal={Nuts, Bolts and Origins of an Agile Process},
  year={2007}
}

@article{painka12013utilizaccao,
  title={Utiliza{\c{c}}{\~a}o das Metodologias {\'A}geis XP e Scrum para o Desenvolvimento R{\'a}pido de Aplica{\c{c}}{\~o}es},
  author={Painka$^1$, Marcelo Augusto Lima and da Costa Marchi$^1$, K{\'e}ssia Rita},
  year={2013}
}

@article{anwer2017comparative,
  title={Comparative Analysis of Two Popular Agile Process Models: Extreme Programming and Scrum},
  author={Anwer, Faiza and Aftab, Shabib and Shah, SS Muhammad and Waheed, Usman},
  journal={International Journal of Computer Science and Telecommunications},
  volume={8},
  number={2},
  pages={1--7},
  year={2017}
}

@misc{relatorioAnual2019,
author={State of Agile},
title = {Annual State Of Agile Report},
url = {https://explore.versionone.com/state-of-agile/13th-annual-state-of-agile-report},
year={2019},
urlaccessdate={11-3-2020}
}

@inproceedings{begel2007usage,
  title={Usage and perceptions of agile software development in an industrial context: An exploratory study},
  author={Begel, Andrew and Nagappan, Nachiappan},
  booktitle={First International Symposium on Empirical Software Engineering and Measurement (ESEM 2007)},
  pages={255--264},
  year={2007},
  organization={IEEE}
}

@article{rising2000scrum,
  title={The Scrum software development process for small teams},
  author={Rising, Linda and Janoff, Norman S},
  journal={IEEE software},
  volume={17},
  number={4},
  pages={26--32},
  year={2000},
  publisher={IEEE}
}

@misc{mysql2001mysql,
  title={MySQL Bible},
  author={Suehring, Steve},
  year={2001}
}

@book{milani2007mysql,
  title={MySQL-guia do programador},
  author={Milani, Andr{\'e}},
  year={2007},
  publisher={Novatec Editora}
}

@article{longo2014utilizaccao,
  title={A Utiliza{\c{c}}{\~a}o de Hist{\'o}rias de Usu{\'a}rios no Levantamento de Requisitos {\'A}geis para o Desenvolvimento de Software},
  author={Longo, Hugo Estevam Romeu and Silva, Madalena Pereira},
  journal={International Journal of Knowledge Engineering and Management (IJKEM)},
  volume={3},
  number={6},
  pages={1--30},
  year={2014}
}

@book{cohn2004user,
  title={User stories applied: For agile software development},
  author={Cohn, Mike},
  year={2004},
  publisher={Addison-Wesley Professional}
}

@article{carvalho2014proposta,
  title={Proposta e avalia{\c{c}}{\~a}o de uma abordagem l{\'u}dica para o ensino de Hist{\'o}rias de Usu{\'a}rio e Scrum},
  author={Carvalho, Lorena Adrian Cardoso and Barbosa, Marcelo Werneck and Silva, Vin{\'\i}cius Bernardo},
  journal={Revista de Gest{\~a}o e Projetos-GeP},
  volume={5},
  number={3},
  pages={44--58},
  year={2014}
}

@article{de2001diagramas,
  title={Diagramas de Casos de Uso},
  author={de Uso, Diagramas de Casos},
  journal={URL: http://www. vico. org/MuestrarioDiagCU. pdf},
  year={2001}
}

@article{omg,
title={Unified Modeling Language: Superstructure 2.0. Draft Adopted Specification},
author={OMG, OBJECT MANAGEMENT GROUP, Inc.},
year={2002},
pages={511-528}
}

@book{fowler2004uml,
  title={UML distilled: a brief guide to the standard object modeling language},
  author={Fowler, Martin},
  year={2004},
  publisher={Addison-Wesley Professional}
}

@article{zapata2007conversion,
  title={Conversi{\'o}n de Esquemas Preconceptuales a diagrama de casos de uso empleando AToM3},
  author={ZAPATA, CARLOS M and TAMAYO, PAULA A and Arango, Fernando and others},
  journal={Dyna},
  volume={74},
  number={153},
  pages={237--251},
  year={2007},
  publisher={Universidad Nacional de Colombia}
}

@misc{devmedia,
author = {DevMedia},
title = {Como fazer um CRUD a partir de templates},
url = {https://www.devmedia.com.br/como-fazer-um-crud-a-partir-de-templates/33797},
urlaccessdate = {27-5-2020},
year = {2015}
}

@phdthesis{moreno2012concepccao,
  title={Concep{\c{c}}{\~a}o e Implementa{\c{c}}{\~a}o de um Website de uma Associa{\c{c}}{\~a}o Sindical},
  author={Moreno, Carla Alexandra Cardoso},
  year={2012},
  school={Instituto Polit{\'e}cnico do Porto. Instituto Superior de Contabilidade e~…}
}

@article{soares2017construccao,
  title={Constru{\c{c}}{\~a}o coletiva do Portal Educa{\c{c}}{\~a}o do Campo},
  author={SOARES, Andr{\'e} Jos{\'e} Diniz and others},
  year={2017},
  publisher={Universidade Federal Rural do Rio de Janeiro}
}

@misc{estatutos,
author = {Estatutos},
title = {Estatutos do Sinticaba},
year = {2003},
url = {https://recipp.ipp.pt/bitstream/10400.22/640/1/DM_CarlaMoreno_2012.pdf},
urlaccessdate = {8-7-2020}
}

@article{centeno2017pampatur,
  title={Pampatur Blog},
  author={Centeno, Dhieneffer Botelho},
  year={2017},
  publisher={Universidade Federal do Pampa}
}

@misc{plone-org,
author={Plone},
title = {{Who Uses Plone? — Plone: Enterprise Level CMS - Free and OpenSource - Community Driven - Secure}},
url = {https://plone.org/community/edu/who-uses-plone},
urldate = {2021-02-17},
year={2016}
}

@INPROCEEDINGS{pastore,  
author={S. {Pastore}},  
booktitle={International Conference on Digital Telecommunications (ICDT'06)},   
title={Web Content Management Systems: using Plone open source software to build a website for research institute needs},   
year={2006},  
volume={},  
number={},  
pages={24-24},  
doi={10.1109/ICDT.2006.81}
}

@article{netomitigando,
  title={MITIGANDO ATAQUE APLICANDO BOAS PR{\'A}TICAS NO DESENVOLVIMENTO SEGURO DE APLICA{\c{C}}{\~O}ES WEB},
  author={Neto, Jess{\'e} da Costa Cabral and da Silva Brand{\~a}o, Ronivaldo},
  year={2019}
}

@web_page{sslpage,
   title = {What is SSL, TLS and HTTPS? | DigiCert},
   url = {https://www.websecurity.digicert.com/security-topics/what-is-ssl-tls-https},
   author = {DigiCert},
   year = {2019},
   urlaccessdate = {31-7-2021}
}
